%% This BibTeX bibliography file was created using BibDesk.
%% http://bibdesk.sourceforge.net/

%% Created for James Ovenden at 2020-04-27 15:39:38 +0100 


%% Saved with string encoding Unicode (UTF-8) 



@unpublished{purdy2017particle,
	Author = {Dr Robert Purdy},
	Date-Added = {2020-04-21 16:38:21 +0100},
	Date-Modified = {2020-04-27 15:37:17 +0100},
	Month = {September},
	Note = {Lecture notes},
	Title = {Theoretical Elementary Particle Physics},
	Year = {2017}}

@unpublished{purdy2018QFT,
	Author = {Dr. Robert Purdy},
	Date-Added = {2020-04-20 17:56:22 +0100},
	Date-Modified = {2020-04-20 17:57:14 +0100},
	Month = {September},
	Note = {Lecture Notes},
	Title = {Quantum Field Theory PHYS5380M},
	Year = {2018}}

@article{leblancspontaneous,
	Author = {LeBlanc, Michael},
	Date-Added = {2020-04-20 17:32:42 +0100},
	Date-Modified = {2020-04-20 17:32:42 +0100},
	Title = {Spontaneous Symmetry Breaking in Non Abelian Gauge Theories}}

@article{greene2009rham,
	Author = {Greene, Patrick},
	Date-Added = {2020-04-11 20:27:25 +0100},
	Date-Modified = {2020-04-11 20:27:25 +0100},
	Journal = {University of Chicago},
	Title = {De Rham Cohomology, Connections, and Characteristic Classes},
	Year = {2009}}

@article{georgi1974unity,
	Author = {Georgi, Howard and Glashow, Sheldon L},
	Date-Added = {2020-04-11 17:09:55 +0100},
	Date-Modified = {2020-04-11 17:09:55 +0100},
	Journal = {Physical Review Letters},
	Number = {8},
	Pages = {438},
	Publisher = {APS},
	Title = {Unity of all elementary-particle forces},
	Volume = {32},
	Year = {1974}}

@book{atiyah2014geometry,
	Author = {Atiyah, Michael Francis and Hitchin, Nigel},
	Date-Added = {2020-04-10 18:55:11 +0100},
	Date-Modified = {2020-04-10 18:55:11 +0100},
	Publisher = {Princeton University Press},
	Title = {The geometry and dynamics of magnetic monopoles},
	Year = {2014}}

@unpublished{roos2018hopf,
	Author = {Barbara Roos},
	Date-Added = {2020-04-10 17:07:17 +0100},
	Date-Modified = {2020-04-27 15:36:44 +0100},
	Month = {June},
	Note = {Lecture notes},
	Title = {Principal bundles, Hopf bundles and Eigenbundles},
	Year = {2018}}

@mastersthesis{shi2013diss,
	Author = {Yun Shi},
	Date-Added = {2020-04-10 17:00:10 +0100},
	Date-Modified = {2020-04-10 17:01:32 +0100},
	Month = {April},
	School = {Imperial College London},
	Title = {Theoretical Studies of Magnetic Monopole},
	Year = {2013}}

@incollection{arcidiacono1978tachyons,
	Author = {Arcidiacono, Giuseppe},
	Booktitle = {Tachyons, monopoles, and related topics},
	Date-Added = {2020-04-10 16:53:18 +0100},
	Date-Modified = {2020-04-10 16:53:18 +0100},
	Title = {Tachyons and magnetic monopoles in the De Sitter universe},
	Year = {1978}}

@incollection{mignani1978quaternions,
	Author = {Mignani, Roberto},
	Booktitle = {Tachyons, monopoles, and related topics},
	Date-Added = {2020-04-10 16:48:00 +0100},
	Date-Modified = {2020-04-10 16:48:00 +0100},
	Title = {Quaternions and Lorentz transformations},
	Year = {1978}}

@incollection{ferrari1978formulations,
	Author = {Ferrari, Ezio},
	Booktitle = {Tachyons, monopoles, and related topics},
	Date-Added = {2020-04-10 16:42:52 +0100},
	Date-Modified = {2020-04-10 16:42:52 +0100},
	Title = {Formulations of electrodynamics with magnetic monopoles},
	Year = {1978}}

@unpublished{lawrie2017maths3,
	Author = {Lawrie, Ian D},
	Date-Added = {2020-04-09 00:23:26 +0100},
	Date-Modified = {2020-04-27 15:37:54 +0100},
	Month = {September},
	Note = {University of Leeds lecture notes},
	Title = {PHYS2370: Maths for physics 3},
	Year = {2017}}

@article{Seiberg_1994,
	Author = {Seiberg, N. and Witten, E.},
	Date-Added = {2020-04-09 00:14:44 +0100},
	Date-Modified = {2020-04-09 00:14:44 +0100},
	Doi = {10.1016/0550-3213(94)90124-4},
	Issn = {0550-3213},
	Journal = {Nuclear Physics B},
	Month = {Sep},
	Number = {1},
	Pages = {19--52},
	Publisher = {Elsevier BV},
	Title = {Electric-magnetic duality, monopole condensation, and confinement in N=2 supersymmetric Yang-Mills theory},
	Url = {http://dx.doi.org/10.1016/0550-3213(94)90124-4},
	Volume = {426},
	Year = {1994},
	Bdsk-Url-1 = {http://dx.doi.org/10.1016/0550-3213(94)90124-4}}

@article{bergshoeff1998massive,
	Author = {Bergshoeff, Eric and Eyras, Eduardo and Lozano, Yolanda},
	Date-Added = {2020-04-09 00:12:56 +0100},
	Date-Modified = {2020-04-09 00:12:56 +0100},
	Journal = {Physics Letters B},
	Number = {1-2},
	Pages = {77--86},
	Publisher = {Elsevier},
	Title = {The massive Kaluza-Klein monopole},
	Volume = {430},
	Year = {1998}}

@incollection{polyakov1996particle,
	Author = {Polyakov, Alexander M},
	Booktitle = {30 Years Of The Landau Institute---Selected Papers},
	Date-Added = {2020-04-09 00:00:00 +0100},
	Date-Modified = {2020-04-09 00:00:00 +0100},
	Pages = {540--541},
	Publisher = {World Scientific},
	Title = {Particle spectrum in quantum field theory},
	Year = {1996}}

@article{tHooft1974gauge,
	Author = {'t Hooft, Gerard},
	Date-Added = {2020-04-08 23:58:44 +0100},
	Date-Modified = {2020-04-08 23:59:01 +0100},
	Doi = {10.1016/0550-3213(74)90486-6},
	Journal = {Nucl.\ Phys.\ B},
	Pages = {276--284},
	Reportnumber = {CERN-TH-1876},
	Title = {{Magnetic Monopoles in Unified Gauge Theories}},
	Volume = {79},
	Year = {1974},
	Bdsk-Url-1 = {https://doi.org/10.1016/0550-3213(74)90486-6}}

@unpublished{recknagel2006bundles,
	Author = {Dr Andreas Recknagel},
	Date-Added = {2020-03-31 18:38:28 +0100},
	Date-Modified = {2020-04-27 15:36:51 +0100},
	Month = {September},
	Note = {Lecture notes},
	Title = {Lecture 1: Connections on principal fibre bundles},
	Year = {2006}}

@unpublished{scaletta2010hopf,
	Author = {Professor Dominick Scaletta},
	Date-Added = {2020-03-31 18:32:12 +0100},
	Date-Modified = {2020-04-27 15:36:23 +0100},
	Month = {February},
	Title = {Lecture notes on Fiber Bundles, The Hopf Map and Magnetic Monopoles},
	Year = {2010}}

@phdthesis{rupert2008dynamics,
	Author = {Rupert Way},
	Date-Added = {2020-03-31 18:29:42 +0100},
	Date-Modified = {2020-03-31 18:31:09 +0100},
	School = {University of Surrey},
	Title = {Dynamics in the Hopf bundle, the geometric phase and implications for dynamical systems},
	Year = {2008}}

@unpublished{niles2011hopf,
	Author = {Dr David Lyons},
	Date-Added = {2020-03-31 18:25:02 +0100},
	Date-Modified = {2020-04-27 15:37:43 +0100},
	Month = {September},
	Note = {Lecture notes, Taught by Dr. Niles Johnson},
	Title = {An Elementary Introduction to the Hopf Fibration},
	Year = {2011}}

@unpublished{mazzoni2017bundles,
	Author = {Michele Mazzoni},
	Date-Added = {2020-03-31 18:18:29 +0100},
	Date-Modified = {2020-04-27 15:37:31 +0100},
	Month = {September},
	Note = {Universita di Bologna, Lecture notes},
	Title = {A fibre bundle approach to U(1) symmetries in physics},
	Year = {2017}}

@article{hamilton1848xi,
	Author = {Hamilton, William Rowan},
	Date-Added = {2020-03-26 20:18:26 +0000},
	Date-Modified = {2020-03-26 20:18:26 +0000},
	Journal = {The London, Edinburgh, and Dublin Philosophical Magazine and Journal of Science},
	Number = {219},
	Pages = {58--60},
	Publisher = {Taylor \& Francis},
	Title = {XI. On quaternions; or on a new system of imaginaries in algebra},
	Volume = {33},
	Year = {1848}}

@article{hopf1931map,
	Author = {Hopf, Heinz},
	Booktitle = {Selecta Heinz Hopf},
	Date-Added = {2020-03-26 20:14:45 +0000},
	Date-Modified = {2020-04-04 15:41:28 +0100},
	Pages = {38--63},
	Publisher = {Springer},
	Title = {{\"U}ber die Abbildungen der dreidimensionalen Sph{\"a}re auf die Kugelfl{\"a}che},
	Year = {1931}}

@unpublished{schuller2014geometric,
	Author = {Dr Frederic P. Schuller},
	Date-Added = {2020-03-15 00:51:28 +0000},
	Date-Modified = {2020-04-27 15:36:11 +0100},
	Keywords = {Geometry, Anatomy, Fibre, Bundles},
	Month = {December},
	Note = {Universitat Erlangen Nurnberg Institut fur Theoretische Physik III},
	Title = {Lectures notes on the Geometric Anatomy of Theoretical Physics},
	Year = {2013}}

@book{maggiore2005modern,
	Author = {Maggiore, Michele},
	Date-Added = {2020-03-13 20:48:51 +0000},
	Date-Modified = {2020-03-13 20:48:51 +0000},
	Publisher = {Oxford university press},
	Title = {A modern introduction to quantum field theory},
	Volume = {12},
	Year = {2005}}

@unpublished{robert2007gilmore,
	Author = {Robert Gilmore},
	Date-Added = {2020-03-13 20:39:09 +0000},
	Date-Modified = {2020-04-27 15:39:14 +0100},
	Keywords = {Lie, Groups, Algebras},
	Month = {August},
	Note = {Lecture notes},
	Title = {Lie Groups},
	Year = {2007}}

@unpublished{b2001russell,
	Author = {B Russell},
	Date-Added = {2020-03-13 20:37:06 +0000},
	Date-Modified = {2020-03-13 20:43:45 +0000},
	Keywords = {Lie, Groups, Algebras},
	Month = {November},
	Note = {Lecture Notes},
	Title = {Chapter 7 Continuous Groups, Lie Groups, and Lie Algebras},
	Year = {2001}}

@book{schwartz2014quantum,
	Author = {Schwartz, Matthew D},
	Date-Added = {2020-03-13 20:06:47 +0000},
	Date-Modified = {2020-03-13 20:06:47 +0000},
	Publisher = {Cambridge University Press},
	Title = {Quantum field theory and the standard model},
	Year = {2014}}

@book{naber1997topology,
	Author = {Naber, Gregory L and Naber, Gregory L},
	Date-Added = {2020-02-27 18:24:26 +0000},
	Date-Modified = {2020-02-27 18:24:26 +0000},
	Publisher = {Springer},
	Title = {Topology, geometry, and gauge fields},
	Year = {1997}}

@book{kai2015lam,
	Author = {Lam, Kai S},
	Date-Added = {2020-02-27 18:22:47 +0000},
	Date-Modified = {2020-02-27 18:23:29 +0000},
	Publisher = {World Scientific Publishing Company},
	Title = {Topics in Contemporary Mathematical Physics},
	Year = {2015}}

@misc{javed2019hussain,
	Author = {Dr Javed Hussain},
	Date-Added = {2020-02-24 18:54:04 +0000},
	Date-Modified = {2020-02-24 19:00:23 +0000},
	Howpublished = {Video Lecture},
	Keywords = {Differential, Geometry},
	Month = {December},
	Title = {Differential Geometry Lecture 11},
	Year = {2019}}

@article{warnick2014differential,
	Author = {Warnick, Karl F and Russer, Peter H},
	Date-Added = {2020-02-23 02:23:22 +0000},
	Date-Modified = {2020-02-23 02:23:22 +0000},
	Journal = {Progress In Electromagnetics Research},
	Pages = {83--112},
	Publisher = {EMW Publishing},
	Title = {Differential forms and electromagnetic field theory},
	Volume = {148},
	Year = {2014}}

@url{rich2006fitz,
	Author = {Richard Fitzpatrick},
	Date-Added = {2020-02-23 01:43:35 +0000},
	Date-Modified = {2020-02-24 18:50:00 +0000},
	Keywords = {Electromagnetic, Field, Tensor},
	Month = {February},
	Title = {Relativity and Electromagnetism},
	Url = {http://farside.ph.utexas.edu/teaching/em/lectures/node122.html},
	Urldate = {2006-02-02},
	Year = {2006},
	Bdsk-Url-1 = {http://farside.ph.utexas.edu/teaching/em/lectures/node122.html}}

@unpublished{lumsden2020relativity,
	Author = {Dr Stuart Lumsden},
	Date-Added = {2020-02-21 18:32:05 +0000},
	Date-Modified = {2020-02-21 18:48:15 +0000},
	Keywords = {General, Relativity},
	Month = {January},
	Note = {General Relativity lecture notes},
	Title = {General Relativity},
	Year = {2020}}

@article{Ellis_2016,
	Author = {Ellis, John and Gaillard, Mary K. and Nanopoulos, Dimitri V.},
	Date-Added = {2020-02-19 02:13:29 +0000},
	Date-Modified = {2020-02-19 02:13:29 +0000},
	Doi = {10.1142/9789814733519_0014},
	Isbn = {9789814733519},
	Issn = {1793-1339},
	Journal = {The Standard Theory of Particle Physics},
	Month = {Aug},
	Pages = {255--274},
	Publisher = {WORLD SCIENTIFIC},
	Title = {A Historical Profile of the Higgs Boson},
	Url = {http://dx.doi.org/10.1142/9789814733519_0014},
	Year = {2016},
	Bdsk-Url-1 = {http://dx.doi.org/10.1142/9789814733519_0014}}

@book{liddle2015cosmo,
	Author = {Liddle, Andrew},
	Date-Added = {2020-02-19 02:13:29 +0000},
	Date-Modified = {2020-02-19 02:13:29 +0000},
	Publisher = {John Wiley \& Sons},
	Title = {An introduction to modern cosmology},
	Year = {2015}}

@book{kobayashi1963foundations,
	Author = {Kobayashi, Shoshichi and Nomizu, Katsumi},
	Date-Added = {2020-02-19 02:13:29 +0000},
	Date-Modified = {2020-02-19 02:13:29 +0000},
	Number = {2},
	Publisher = {New York, London},
	Title = {Foundations of differential geometry},
	Volume = {1},
	Year = {1963}}

@book{sussman2013functional,
	Author = {Sussman, Gerald Jay and Wisdom, Jack},
	Date-Added = {2020-02-19 02:13:29 +0000},
	Date-Modified = {2020-02-19 02:13:29 +0000},
	Publisher = {MIT Press},
	Title = {Functional differential geometry},
	Year = {2013}}

@book{nakahara2003geometry,
	Author = {Nakahara, Mikio},
	Date-Added = {2020-02-19 02:13:29 +0000},
	Date-Modified = {2020-02-19 02:13:29 +0000},
	Publisher = {CRC Press},
	Title = {Geometry, topology and physics},
	Year = {2003}}

@article{rajantie2012introduction,
	Author = {Rajantie, Arttu},
	Date-Added = {2020-02-19 02:13:29 +0000},
	Date-Modified = {2020-02-19 02:13:29 +0000},
	Journal = {Contemporary Physics},
	Number = {3},
	Pages = {195--211},
	Publisher = {Taylor \& Francis},
	Title = {Introduction to magnetic monopoles},
	Volume = {53},
	Year = {2012}}

@unpublished{sharp2019topology,
	Author = {Ben Sharp, Josh Cork, Derek Harland},
	Date-Added = {2020-02-19 02:13:29 +0000},
	Date-Modified = {2020-04-27 15:39:23 +0100},
	Keywords = {Topology, Leeds, Notes},
	Month = {January},
	Note = {Lecture notes},
	Title = {MATH3225 Topology},
	Year = {2019}}

@unpublished{korner2015metric,
	Author = {TW Korner},
	Date-Added = {2020-02-19 02:13:29 +0000},
	Date-Modified = {2020-04-27 15:38:04 +0100},
	Keywords = {Metric, Topological, Korner},
	Month = {August},
	Note = {Lecture notes},
	Title = {Metric and Topological Spaces},
	Year = {2015}}

@unpublished{zirnbauer2013topology,
	Author = {M Zirnbauer},
	Date-Added = {2020-02-19 02:13:29 +0000},
	Date-Modified = {2020-04-27 15:37:04 +0100},
	Keywords = {Topology, Koln, Zirnbauer},
	Month = {January},
	Note = {Lecture notes},
	Title = {Topology for Physicists},
	Year = {2013}}

@misc{papic2020powerpoint,
	Author = {Dr Zlatko Papic},
	Date-Added = {2020-02-15 20:38:30 +0000},
	Date-Modified = {2020-04-10 18:49:50 +0100},
	Publisher = {University of Leeds},
	Title = {Quantum Many-Body Physics Lecture 1},
	Year = {2020}}

@book{simon2018tying,
	Author = {Simon, David S},
	Date-Added = {2020-02-15 20:38:30 +0000},
	Date-Modified = {2020-02-15 20:38:30 +0000},
	Publisher = {Morgan \& Claypool Publishers},
	Title = {Tying Light in Knots: Applying Topology to Optics},
	Year = {2018}}

@url{neutrino2019eigenvalues,
	Author = {Natalie Wolchover},
	Date-Added = {2020-02-15 20:38:30 +0000},
	Date-Modified = {2020-02-24 19:09:41 +0000},
	Keywords = {Neutrino Eigenvalues},
	Month = {November},
	Title = {Neutrinos Lead to Unexpected Discovery in Basic Math},
	Url = {https://www.quantamagazine.org/neutrinos-lead-to-unexpected-discovery-in-basic-math-20191113/},
	Year = {2019},
	Bdsk-Url-1 = {https://www.quantamagazine.org/neutrinos-lead-to-unexpected-discovery-in-basic-math-20191113/}}

@book{Ian2002Lawrie,
	Address = {Bristol},
	Author = {Lawrie, Ian D},
	Date-Added = {2019-12-14 21:17:38 +0000},
	Date-Modified = {2019-12-14 21:17:38 +0000},
	Publisher = {IOP},
	Title = {{A Unified Grand Tour of Theoretical Physics; 2nd ed.}},
	Url = {https://cds.cern.ch/record/808353},
	Year = {2002},
	Bdsk-Url-1 = {https://cds.cern.ch/record/808353}}

@article{WuMonopoleYang,
	Author = {Wu, Tai Tsun and Yang, Chen Ning},
	Date-Added = {2019-12-14 21:17:38 +0000},
	Date-Modified = {2019-12-14 21:17:38 +0000},
	Doi = {10.1103/PhysRevD.12.3845},
	Issue = {12},
	Journal = {Phys. Rev. D},
	Month = {Dec},
	Numpages = {0},
	Pages = {3845--3857},
	Publisher = {American Physical Society},
	Title = {Concept of nonintegrable phase factors and global formulation of gauge fields},
	Url = {https://link.aps.org/doi/10.1103/PhysRevD.12.3845},
	Volume = {12},
	Year = {1975},
	Bdsk-Url-1 = {https://link.aps.org/doi/10.1103/PhysRevD.12.3845},
	Bdsk-Url-2 = {https://doi.org/10.1103/PhysRevD.12.3845}}

@article{Heras_2018,
	Author = {Heras, Ricardo},
	Date-Added = {2019-12-14 21:17:38 +0000},
	Date-Modified = {2019-12-14 21:17:38 +0000},
	Doi = {10.1080/00107514.2018.1527974},
	Issn = {1366-5812},
	Journal = {Contemporary Physics},
	Month = {Oct},
	Number = {4},
	Pages = {331--355},
	Publisher = {Informa UK Limited},
	Title = {Dirac quantisation condition: a comprehensive review},
	Url = {http://dx.doi.org/10.1080/00107514.2018.1527974},
	Volume = {59},
	Year = {2018},
	Bdsk-Url-1 = {http://dx.doi.org/10.1080/00107514.2018.1527974}}

@article{guth1981inflate,
	Author = {Guth, Alan H.},
	Date-Added = {2019-12-14 21:17:38 +0000},
	Date-Modified = {2019-12-14 21:17:38 +0000},
	Doi = {10.1103/PhysRevD.23.347},
	Issue = {2},
	Journal = {Phys. Rev. D},
	Month = {Jan},
	Numpages = {0},
	Pages = {347--356},
	Publisher = {American Physical Society},
	Title = {Inflationary universe: A possible solution to the horizon and flatness problems},
	Url = {https://link.aps.org/doi/10.1103/PhysRevD.23.347},
	Volume = {23},
	Year = {1981},
	Bdsk-Url-1 = {https://link.aps.org/doi/10.1103/PhysRevD.23.347},
	Bdsk-Url-2 = {https://doi.org/10.1103/PhysRevD.23.347}}

@article{maxwell1861li,
	Author = {Maxwell, James C},
	Date-Added = {2019-12-14 21:17:38 +0000},
	Date-Modified = {2019-12-14 21:17:38 +0000},
	Journal = {The London, Edinburgh, and Dublin Philosophical Magazine and Journal of Science},
	Number = {141},
	Pages = {338--348},
	Publisher = {Taylor \& Francis},
	Title = {LI. On physical lines of force},
	Volume = {21},
	Year = {1861}}

@unpublished{topological2005defect,
	Author = {Hermann Kolanoski},
	Date-Added = {2019-12-14 21:17:38 +0000},
	Date-Modified = {2020-04-27 15:38:21 +0100},
	Keywords = {Magnetic, Monopoles, Topological, Defect},
	Month = {Feb},
	Note = {Powerpoint presentation for lectures},
	Title = {Magnetic monopoles},
	Year = {2005}}

@article{preskill1984magnetic,
	Author = {Preskill, John},
	Date-Added = {2019-12-14 21:17:38 +0000},
	Date-Modified = {2019-12-14 21:17:38 +0000},
	Journal = {Annual Review of Nuclear and Particle Science},
	Number = {1},
	Pages = {461--530},
	Publisher = {Annual Reviews 4139 El Camino Way, PO Box 10139, Palo Alto, CA 94303-0139, USA},
	Title = {Magnetic monopoles},
	Volume = {34},
	Year = {1984}}

@book{shnir,
	Author = {Shnir, Yakov M},
	Date-Added = {2019-12-14 21:17:38 +0000},
	Date-Modified = {2019-12-14 21:17:38 +0000},
	Publisher = {Springer Science \& Business Media},
	Title = {Magnetic monopoles},
	Year = {2006}}

@conference{arrtu2013conf,
	Author = {Arrtu Rajantie},
	Date-Added = {2019-12-14 21:17:38 +0000},
	Date-Modified = {2019-12-14 21:17:38 +0000},
	Keywords = {Magnetic, Monopoles, Kibble, Mechanism},
	Month = {November},
	Organization = {Imperial College London},
	Title = {Magnetic monopoles - Theory and experiment},
	Year = {2013}}

@article{rajantie2012magnetic,
	Author = {Rajantie, Arttu},
	Date-Added = {2019-12-14 21:17:38 +0000},
	Date-Modified = {2019-12-14 21:17:38 +0000},
	Journal = {Philosophical Transactions of the Royal Society A: Mathematical, Physical and Engineering Sciences},
	Number = {1981},
	Pages = {5705--5717},
	Publisher = {The Royal Society Publishing},
	Title = {Magnetic monopoles in field theory and cosmology},
	Volume = {370},
	Year = {2012}}

@article{ellismagnetic,
	Author = {Ellis, Kevin M},
	Date-Added = {2019-12-14 21:17:38 +0000},
	Date-Modified = {2019-12-14 21:17:38 +0000},
	Title = {Magnetic Monopoles: Quantization and Quasiparticles}}

@book{martin2015phys,
	Author = {Martin, Brian R and Shaw, Graham},
	Date-Added = {2019-12-14 21:17:38 +0000},
	Date-Modified = {2019-12-14 21:17:38 +0000},
	Publisher = {John Wiley \& Sons},
	Title = {Mathematics for physicists},
	Year = {2015}}

@article{Polchinski_2004,
	Author = {Polchinski, Joe},
	Date-Added = {2019-12-14 21:17:38 +0000},
	Date-Modified = {2019-12-14 21:17:38 +0000},
	Doi = {10.1142/s0217751x0401866x},
	Issn = {1793-656X},
	Journal = {International Journal of Modern Physics A},
	Month = {Feb},
	Number = {supp01},
	Pages = {145--154},
	Publisher = {World Scientific Pub Co Pte Lt},
	Title = {Monopoles, Duality, and String Theory},
	Url = {http://dx.doi.org/10.1142/S0217751X0401866X},
	Volume = {19},
	Year = {2004},
	Bdsk-Url-1 = {http://dx.doi.org/10.1142/S0217751X0401866X},
	Bdsk-Url-2 = {http://dx.doi.org/10.1142/s0217751x0401866x}}

@article{ray2015observation,
	Author = {Ray, MW and Ruokokoski, E and Tiurev, K and M{\"o}tt{\"o}nen, M and Hall, DS},
	Date-Added = {2019-12-14 21:17:38 +0000},
	Date-Modified = {2019-12-14 21:17:38 +0000},
	Journal = {Science},
	Number = {6234},
	Pages = {544--547},
	Publisher = {American Association for the Advancement of Science},
	Title = {Observation of isolated monopoles in a quantum field},
	Volume = {348},
	Year = {2015}}

@article{guth1980early,
	Author = {Guth, Alan H. and Tye, S. -H. H.},
	Date-Added = {2019-12-14 21:17:38 +0000},
	Date-Modified = {2019-12-14 21:17:38 +0000},
	Doi = {10.1103/PhysRevLett.44.631},
	Issue = {10},
	Journal = {Phys. Rev. Lett.},
	Month = {Mar},
	Numpages = {0},
	Pages = {631--635},
	Publisher = {American Physical Society},
	Title = {Phase Transitions and Magnetic Monopole Production in the Very Early Universe},
	Url = {https://link.aps.org/doi/10.1103/PhysRevLett.44.631},
	Volume = {44},
	Year = {1980},
	Bdsk-Url-1 = {https://link.aps.org/doi/10.1103/PhysRevLett.44.631},
	Bdsk-Url-2 = {https://doi.org/10.1103/PhysRevLett.44.631}}

@unpublished{guth2015lecs,
	Author = {Alan Guth},
	Date-Added = {2019-12-14 21:17:38 +0000},
	Date-Modified = {2020-04-27 15:39:06 +0100},
	Keywords = {Cosmology, Monopoles, Higgs Field},
	Month = {November},
	Note = {Massachusetts Institute of Technology Physics Department, Lecture notes},
	Title = {Physics 8.286: The Early Universe Lecture 9},
	Year = {2018}}

@article{dirac1931quantised,
	Author = {Dirac, Paul Adrien Maurice},
	Date-Added = {2019-12-14 21:17:38 +0000},
	Date-Modified = {2019-12-14 21:17:38 +0000},
	Journal = {Proceedings of the Royal Society of London. Series A, Containing Papers of a Mathematical and Physical Character},
	Number = {821},
	Pages = {60--72},
	Publisher = {The Royal Society London},
	Title = {Quantised singularities in the electromagnetic field},
	Volume = {133},
	Year = {1931}}

@url{scinews,
	Author = {Emily Conover},
	Date-Added = {2019-12-14 21:17:38 +0000},
	Date-Modified = {2019-12-14 21:17:38 +0000},
	Keywords = {Emmy Noether Theorem},
	Month = {June},
	Title = {sciencenews.org},
	Url = {https://www.sciencenews.org/article/emmy-noether-theorem-legacy-physics-math},
	Year = {2018},
	Bdsk-Url-1 = {https://www.sciencenews.org/article/emmy-noether-theorem-legacy-physics-math}}

@article{kolb1990early,
	Author = {Kolb, EW and Turner, MS},
	Date-Added = {2019-12-14 21:17:38 +0000},
	Date-Modified = {2019-12-14 21:17:38 +0000},
	Journal = {Redwood City},
	Title = {The Early Universe Addison-Wesley},
	Year = {1990}}

@book{bob2017purdy,
	Address = {Luton, Bedfordshire, UK},
	Author = {Robert Purdy},
	Date-Added = {2019-12-14 21:17:38 +0000},
	Date-Modified = {2019-12-14 21:17:38 +0000},
	Keywords = {Particles (Nuclear physics)},
	Number = {9780992941178},
	Publisher = {The Pantaneto Press},
	Series = {Pantaneto introductory physics series},
	Title = {The Fundamentals of Particle Physics},
	Year = {2017}}
