%% This BibTeX bibliography file was created using BibDesk.
%% http://bibdesk.sourceforge.net/

%% Created for James Ovenden at 2019-12-14 21:21:08 +0000 


%% Saved with string encoding Unicode (UTF-8) 



@article{Ellis_2016,
	Author = {Ellis, John and Gaillard, Mary K. and Nanopoulos, Dimitri V.},
	Date-Added = {2019-11-11 21:28:30 +0000},
	Date-Modified = {2019-11-11 21:28:30 +0000},
	Doi = {10.1142/9789814733519_0014},
	Isbn = {9789814733519},
	Issn = {1793-1339},
	Journal = {The Standard Theory of Particle Physics},
	Month = {Aug},
	Pages = {255--274},
	Publisher = {WORLD SCIENTIFIC},
	Title = {A Historical Profile of the Higgs Boson},
	Url = {http://dx.doi.org/10.1142/9789814733519_0014},
	Year = {2016},
	Bdsk-Url-1 = {http://dx.doi.org/10.1142/9789814733519_0014}}

@conference{arrtu2013conf,
	Author = {Arrtu Rajantie},
	Date-Added = {2019-11-11 20:37:39 +0000},
	Date-Modified = {2019-11-11 20:40:20 +0000},
	Keywords = {Magnetic, Monopoles, Kibble, Mechanism},
	Month = {November},
	Organization = {Imperial College London},
	Title = {Magnetic monopoles - Theory and experiment},
	Year = {2013}}

@article{kolb1990early,
	Author = {Kolb, EW and Turner, MS},
	Date-Added = {2019-11-10 02:10:06 +0000},
	Date-Modified = {2019-11-10 02:10:06 +0000},
	Journal = {Redwood City},
	Title = {The Early Universe Addison-Wesley},
	Year = {1990}}

@article{rajantie2012magnetic,
	Author = {Rajantie, Arttu},
	Date-Added = {2019-11-10 02:03:26 +0000},
	Date-Modified = {2019-11-10 02:03:26 +0000},
	Journal = {Philosophical Transactions of the Royal Society A: Mathematical, Physical and Engineering Sciences},
	Number = {1981},
	Pages = {5705--5717},
	Publisher = {The Royal Society Publishing},
	Title = {Magnetic monopoles in field theory and cosmology},
	Volume = {370},
	Year = {2012}}

@unpublished{topological2005defect,
	Author = {Hermann Kolanoski},
	Date-Added = {2019-11-09 21:09:28 +0000},
	Date-Modified = {2019-11-09 21:11:05 +0000},
	Keywords = {Magnetic, Monopoles, Topological, Defect},
	Month = {Feb},
	Note = {Powerpoint presentation},
	Title = {Magnetic monopoles},
	Year = {2005}}

@unpublished{guth2015lecs,
	Author = {Alan Guth},
	Date-Added = {2019-11-09 01:15:37 +0000},
	Date-Modified = {2019-11-09 01:22:14 +0000},
	Keywords = {Cosmology, Monopoles, Higgs Field},
	Month = {November},
	Note = {MASSACHUSETTS INSTITUTE OF TECHNOLOGY Physics Department},
	Title = {Physics 8.286: The Early Universe Lecture 9},
	Year = {2018}}

@article{rajantie2012introduction,
	Author = {Rajantie, Arttu},
	Date-Added = {2019-11-09 00:07:05 +0000},
	Date-Modified = {2019-11-09 00:07:05 +0000},
	Journal = {Contemporary Physics},
	Number = {3},
	Pages = {195--211},
	Publisher = {Taylor \& Francis},
	Title = {Introduction to magnetic monopoles},
	Volume = {53},
	Year = {2012}}

@article{Polchinski_2004,
	Author = {Polchinski, Joe},
	Date-Added = {2019-11-08 23:51:24 +0000},
	Date-Modified = {2019-11-08 23:51:24 +0000},
	Doi = {10.1142/s0217751x0401866x},
	Issn = {1793-656X},
	Journal = {International Journal of Modern Physics A},
	Month = {Feb},
	Number = {supp01},
	Pages = {145--154},
	Publisher = {World Scientific Pub Co Pte Lt},
	Title = {Monopoles, Duality, and String Theory},
	Url = {http://dx.doi.org/10.1142/S0217751X0401866X},
	Volume = {19},
	Year = {2004},
	Bdsk-Url-1 = {http://dx.doi.org/10.1142/S0217751X0401866X},
	Bdsk-Url-2 = {http://dx.doi.org/10.1142/s0217751x0401866x}}

@article{guth1981inflate,
	Author = {Guth, Alan H.},
	Date-Added = {2019-11-06 21:39:14 +0000},
	Date-Modified = {2019-11-06 21:39:24 +0000},
	Doi = {10.1103/PhysRevD.23.347},
	Issue = {2},
	Journal = {Phys. Rev. D},
	Month = {Jan},
	Numpages = {0},
	Pages = {347--356},
	Publisher = {American Physical Society},
	Title = {Inflationary universe: A possible solution to the horizon and flatness problems},
	Url = {https://link.aps.org/doi/10.1103/PhysRevD.23.347},
	Volume = {23},
	Year = {1981},
	Bdsk-Url-1 = {https://link.aps.org/doi/10.1103/PhysRevD.23.347},
	Bdsk-Url-2 = {https://doi.org/10.1103/PhysRevD.23.347}}

@article{guth1980early,
	Author = {Guth, Alan H. and Tye, S. -H. H.},
	Date-Added = {2019-11-06 21:33:21 +0000},
	Date-Modified = {2019-11-06 21:33:43 +0000},
	Doi = {10.1103/PhysRevLett.44.631},
	Issue = {10},
	Journal = {Phys. Rev. Lett.},
	Month = {Mar},
	Numpages = {0},
	Pages = {631--635},
	Publisher = {American Physical Society},
	Title = {Phase Transitions and Magnetic Monopole Production in the Very Early Universe},
	Url = {https://link.aps.org/doi/10.1103/PhysRevLett.44.631},
	Volume = {44},
	Year = {1980},
	Bdsk-Url-1 = {https://link.aps.org/doi/10.1103/PhysRevLett.44.631},
	Bdsk-Url-2 = {https://doi.org/10.1103/PhysRevLett.44.631}}

@book{liddle2015cosmo,
	Author = {Liddle, Andrew},
	Date-Added = {2019-11-06 18:22:33 +0000},
	Date-Modified = {2019-11-06 18:22:49 +0000},
	Publisher = {John Wiley \& Sons},
	Title = {An introduction to modern cosmology},
	Year = {2015}}

@article{preskill1984magnetic,
	Author = {Preskill, John},
	Date-Added = {2019-11-05 14:03:34 +0000},
	Date-Modified = {2019-11-05 14:03:34 +0000},
	Journal = {Annual Review of Nuclear and Particle Science},
	Number = {1},
	Pages = {461--530},
	Publisher = {Annual Reviews 4139 El Camino Way, PO Box 10139, Palo Alto, CA 94303-0139, USA},
	Title = {Magnetic monopoles},
	Volume = {34},
	Year = {1984}}

@article{Heras_2018,
	Author = {Heras, Ricardo},
	Date-Added = {2019-11-05 14:01:27 +0000},
	Date-Modified = {2019-11-05 14:01:27 +0000},
	Doi = {10.1080/00107514.2018.1527974},
	Issn = {1366-5812},
	Journal = {Contemporary Physics},
	Month = {Oct},
	Number = {4},
	Pages = {331--355},
	Publisher = {Informa UK Limited},
	Title = {Dirac quantisation condition: a comprehensive review},
	Url = {http://dx.doi.org/10.1080/00107514.2018.1527974},
	Volume = {59},
	Year = {2018},
	Bdsk-Url-1 = {http://dx.doi.org/10.1080/00107514.2018.1527974}}

@article{WuMonopoleYang,
	Author = {Wu, Tai Tsun and Yang, Chen Ning},
	Date-Added = {2019-11-04 20:06:51 +0000},
	Date-Modified = {2019-11-04 20:07:21 +0000},
	Doi = {10.1103/PhysRevD.12.3845},
	Issue = {12},
	Journal = {Phys. Rev. D},
	Month = {Dec},
	Numpages = {0},
	Pages = {3845--3857},
	Publisher = {American Physical Society},
	Title = {Concept of nonintegrable phase factors and global formulation of gauge fields},
	Url = {https://link.aps.org/doi/10.1103/PhysRevD.12.3845},
	Volume = {12},
	Year = {1975},
	Bdsk-Url-1 = {https://link.aps.org/doi/10.1103/PhysRevD.12.3845},
	Bdsk-Url-2 = {https://doi.org/10.1103/PhysRevD.12.3845}}

@url{scinews,
	Author = {Emily Conover},
	Date-Added = {2019-10-27 22:27:01 +0000},
	Date-Modified = {2019-10-27 23:02:15 +0000},
	Keywords = {Emmy Noether Theorem},
	Month = {June},
	Title = {sciencenews.org},
	Url = {https://www.sciencenews.org/article/emmy-noether-theorem-legacy-physics-math},
	Year = {2018},
	Bdsk-Url-1 = {https://www.sciencenews.org/article/emmy-noether-theorem-legacy-physics-math}}

@article{ellismagnetic,
	Author = {Ellis, Kevin M},
	Date-Added = {2019-10-27 01:33:28 +0000},
	Date-Modified = {2019-10-27 01:33:28 +0000},
	Title = {Magnetic Monopoles: Quantization and Quasiparticles}}

@article{ray2015observation,
	Author = {Ray, MW and Ruokokoski, E and Tiurev, K and M{\"o}tt{\"o}nen, M and Hall, DS},
	Date-Added = {2019-10-27 01:32:42 +0100},
	Date-Modified = {2019-10-27 01:32:42 +0100},
	Journal = {Science},
	Number = {6234},
	Pages = {544--547},
	Publisher = {American Association for the Advancement of Science},
	Title = {Observation of isolated monopoles in a quantum field},
	Volume = {348},
	Year = {2015}}

@article{dirac1931quantised,
	Author = {Dirac, Paul Adrien Maurice},
	Date-Added = {2019-10-27 01:30:40 +0100},
	Date-Modified = {2019-10-27 01:30:40 +0100},
	Journal = {Proceedings of the Royal Society of London. Series A, Containing Papers of a Mathematical and Physical Character},
	Number = {821},
	Pages = {60--72},
	Publisher = {The Royal Society London},
	Title = {Quantised singularities in the electromagnetic field},
	Volume = {133},
	Year = {1931}}

@book{shnir,
	Author = {Shnir, Yakov M},
	Date-Added = {2019-10-27 01:29:44 +0100},
	Date-Modified = {2019-10-27 01:29:51 +0100},
	Publisher = {Springer Science \& Business Media},
	Title = {Magnetic monopoles},
	Year = {2006}}

@book{martin2015phys,
	Author = {Martin, Brian R and Shaw, Graham},
	Date-Added = {2019-10-27 00:36:52 +0100},
	Date-Modified = {2019-10-27 01:13:21 +0100},
	Publisher = {John Wiley \& Sons},
	Title = {Mathematics for physicists},
	Year = {2015}}

@article{maxwell1861li,
	Author = {Maxwell, James C},
	Date-Added = {2019-10-26 21:36:04 +0100},
	Date-Modified = {2019-10-26 21:36:04 +0100},
	Journal = {The London, Edinburgh, and Dublin Philosophical Magazine and Journal of Science},
	Number = {141},
	Pages = {338--348},
	Publisher = {Taylor \& Francis},
	Title = {LI. On physical lines of force},
	Volume = {21},
	Year = {1861}}

@book{bob2017purdy,
	Address = {Luton, Bedfordshire, UK},
	Author = {Robert Purdy},
	Date-Added = {2019-10-26 21:23:09 +0100},
	Date-Modified = {2019-10-26 21:25:59 +0100},
	Keywords = {Particles (Nuclear physics)},
	Number = {9780992941178},
	Publisher = {The Pantaneto Press},
	Series = {Pantaneto introductory physics series},
	Title = {The Fundamentals of Particle Physics},
	Year = {2017}}
